<record><leader>00000cas a2200000 i 4500</leader><controlfield tag="001">10715695</controlfield><controlfield tag="008">840510d18711873scuwr ne      0   a0eng c</controlfield><datafield ind1=" " ind2=" " tag="010"><subfield code="a">sn 84026857 </subfield></datafield><datafield ind1=" " ind2=" " tag="040"><subfield code="a">NPU</subfield><subfield code="b">eng</subfield><subfield code="e">rda</subfield><subfield code="c">NPU</subfield><subfield code="d">DLC</subfield><subfield code="d">NPX</subfield><subfield code="d">DLC</subfield><subfield code="d">SVN</subfield><subfield code="d">DLC</subfield><subfield code="d">OCLCQ</subfield><subfield code="d">SUC</subfield><subfield code="d">OCLCF</subfield><subfield code="d">DLC</subfield></datafield><datafield ind1="0" ind2=" " tag="022"><subfield code="a">2471-0318</subfield><subfield code="2">1</subfield></datafield><datafield ind1=" " ind2=" " tag="042"><subfield code="a">msc</subfield><subfield code="a">nsdp</subfield></datafield><datafield ind1=" " ind2=" " tag="043"><subfield code="a">n-us-sc</subfield></datafield><datafield ind1="0" ind2="0" tag="050"><subfield code="a">Newspaper</subfield></datafield><datafield ind1="1" ind2="0" tag="082"><subfield code="a">071</subfield><subfield code="2">23</subfield></datafield><datafield ind1=" " ind2="0" tag="222"><subfield code="a">Beaufort Republican</subfield><subfield code="b">(Print)</subfield></datafield><datafield ind1="0" ind2="0" tag="245"><subfield code="a">Beaufort Republican.</subfield></datafield><datafield ind1="1" ind2=" " tag="246"><subfield code="i">Issues dated Nov. 16, 1871-Mar. 14, 1872 have title:</subfield><subfield code="a">Beaufort County Republican</subfield></datafield><datafield ind1="1" ind2=" " tag="246"><subfield code="i">Running title:</subfield><subfield code="a">Republican</subfield></datafield><datafield ind1=" " ind2="1" tag="264"><subfield code="a">Beaufort, S.C. :</subfield><subfield code="b">Port Royal Printing Company</subfield></datafield><datafield ind1=" " ind2=" " tag="300"><subfield code="a">volumes</subfield></datafield><datafield ind1=" " ind2=" " tag="310"><subfield code="a">Weekly</subfield></datafield><datafield ind1=" " ind2=" " tag="336"><subfield code="a">text</subfield><subfield code="2">rdacontent</subfield></datafield><datafield ind1=" " ind2=" " tag="337"><subfield code="a">unmediated</subfield><subfield code="2">rdamedia</subfield></datafield><datafield ind1=" " ind2=" " tag="338"><subfield code="a">volume</subfield><subfield code="2">rdacarrier</subfield></datafield><datafield ind1="1" ind2=" " tag="362"><subfield code="a">Began in 1871; ceased with October 16, 1873.</subfield></datafield><datafield ind1=" " ind2=" " tag="530"><subfield code="a">Archived issues are available in digital format from the Library of Congress Chronicling America online collection.</subfield></datafield><datafield ind1=" " ind2=" " tag="588"><subfield code="a">Description based on: Vol. 2, No. 3 (October 12, 1871); title from masthead.</subfield></datafield><datafield ind1=" " ind2=" " tag="588"><subfield code="a">Latest issue consulted: Vol. IV, No. 2 (October 16, 1873).</subfield></datafield><datafield ind1=" " ind2="0" tag="651"><subfield code="a">Beaufort (S.C.)</subfield><subfield code="v">Newspapers.</subfield></datafield><datafield ind1=" " ind2="0" tag="651"><subfield code="a">Beaufort County (S.C.)</subfield><subfield code="v">Newspapers.</subfield></datafield><datafield ind1=" " ind2="7" tag="651"><subfield code="a">South Carolina</subfield><subfield code="z">Beaufort.</subfield><subfield code="2">fast</subfield><subfield code="0">(OCoLC)fst01216715</subfield></datafield><datafield ind1=" " ind2="7" tag="651"><subfield code="a">South Carolina</subfield><subfield code="z">Beaufort County.</subfield><subfield code="2">fast</subfield><subfield code="0">(OCoLC)fst01209379</subfield></datafield><datafield ind1=" " ind2="7" tag="655"><subfield code="a">Newspapers.</subfield><subfield code="2">fast</subfield><subfield code="0">(OCoLC)fst01423814</subfield></datafield><datafield ind1=" " ind2=" " tag="752"><subfield code="a">United States</subfield><subfield code="b">South Carolina</subfield><subfield code="c">Beaufort</subfield><subfield code="d">Beaufort.</subfield></datafield><datafield ind1="0" ind2="8" tag="776"><subfield code="i">Online version:</subfield><subfield code="t">Beaufort Republican</subfield><subfield code="x">2471-0326</subfield><subfield code="w">(DLC)  2016271000</subfield><subfield code="w">(OCoLC)940749497</subfield></datafield><datafield ind1="0" ind2="0" tag="780"><subfield code="t">Beaufort Republican and Sea Island chronicle</subfield><subfield code="w">(DLC)sn 92061879</subfield><subfield code="w">(OCoLC)26366138</subfield></datafield><datafield ind1="0" ind2="7" tag="785"><subfield code="t">Port Royal commercial</subfield></datafield><datafield ind1="0" ind2="7" tag="785"><subfield code="t">Port Royal commercial and Beaufort County Republican</subfield><subfield code="w">(DLC)sn 85042524</subfield><subfield code="w">(OCoLC)12622355</subfield></datafield><datafield ind1="4" ind2="1" tag="856"><subfield code="u">http://chroniclingamerica.loc.gov/lccn/sn84026857/issues</subfield></datafield><datafield ind1="1" ind2=" " tag="029"><subfield code="a">AU@</subfield><subfield code="b">000026223430</subfield></datafield></record>